<record><leader>00000cas a22000007a 4500</leader><controlfield tag="001">9526374</controlfield><controlfield tag="008">830519d184u1863mauwr ne      0    0eng d</controlfield><datafield ind1=" " ind2=" " tag="010"><subfield code="a">sn 83020725 </subfield></datafield><datafield ind1=" " ind2=" " tag="040"><subfield code="a">NPX</subfield><subfield code="b">eng</subfield><subfield code="c">NPX</subfield><subfield code="d">NPU</subfield><subfield code="d">DLC</subfield><subfield code="d">MGN</subfield><subfield code="d">KRTAS</subfield><subfield code="d">UBY</subfield><subfield code="d">DLC</subfield><subfield code="d">OCLCQ</subfield><subfield code="d">OCLCF</subfield></datafield><datafield ind1="1" ind2=" " tag="029"><subfield code="a">AU@</subfield><subfield code="b">000025796437</subfield></datafield><datafield ind1=" " ind2=" " tag="042"><subfield code="a">msc</subfield></datafield><datafield ind1=" " ind2=" " tag="043"><subfield code="a">n-us-ma</subfield></datafield><datafield ind1="0" ind2="0" tag="050"><subfield code="a">Newspaper</subfield></datafield><datafield ind1="0" ind2=" " tag="130"><subfield code="a">Plymouth Rock (Plymouth, Mass. : 1841)</subfield></datafield><datafield ind1="1" ind2="0" tag="245"><subfield code="a">Plymouth Rock.</subfield></datafield><datafield ind1="3" ind2="0" tag="246"><subfield code="a">Plymouth Rock and Old Colony reporter</subfield></datafield><datafield ind1=" " ind2=" " tag="260"><subfield code="a">Plymouth, Mass. :</subfield><subfield code="b">Benjamin H. Crandon</subfield></datafield><datafield ind1=" " ind2=" " tag="300"><subfield code="a">v.</subfield></datafield><datafield ind1=" " ind2=" " tag="310"><subfield code="a">Weekly</subfield></datafield><datafield ind1="0" ind2=" " tag="362"><subfield code="a">-v. 26, no. 13 (Mar. 26, 1863).</subfield></datafield><datafield ind1=" " ind2=" " tag="500"><subfield code="a">Published as: The Plymouth Rock and Old Colony reporter, Mar. 20, 1851-Jan. 1, 1852.</subfield></datafield><datafield ind1=" " ind2=" " tag="500"><subfield code="a">Issues for Mar. 20-June 12, 1851 published simultaneously in North Bridgewater [Brockton], Mass.</subfield></datafield><datafield ind1=" " ind2=" " tag="500"><subfield code="a">Editor: Moses Bates, Jr., 1851-1860.</subfield></datafield><datafield ind1=" " ind2=" " tag="515"><subfield code="a">Issues for Mar. 20-Apr. 24, 1851 called also Reporter v. 3, no. 19-Reporter v. 3, no. 24.</subfield></datafield><datafield ind1=" " ind2=" " tag="588"><subfield code="a">Description based on: Vol. 4, no. 25 (July 8, 1841).</subfield></datafield><datafield ind1=" " ind2="0" tag="651"><subfield code="a">Plymouth (Mass.)</subfield><subfield code="v">Newspapers.</subfield></datafield><datafield ind1=" " ind2="7" tag="655"><subfield code="a">Newspapers.</subfield><subfield code="2">fast</subfield><subfield code="0">(OCoLC)fst01423814</subfield></datafield><datafield ind1=" " ind2="7" tag="651"><subfield code="a">Massachusetts</subfield><subfield code="z">Plymouth.</subfield><subfield code="2">fast</subfield><subfield code="0">(OCoLC)fst01218270</subfield></datafield><datafield ind1=" " ind2=" " tag="752"><subfield code="a">United States</subfield><subfield code="b">Massachusetts</subfield><subfield code="c">Plymouth</subfield><subfield code="d">Plymouth.</subfield></datafield><datafield ind1=" " ind2=" " tag="752"><subfield code="a">United States</subfield><subfield code="b">Massachusetts</subfield><subfield code="c">Plymouth</subfield><subfield code="d">Brockton.</subfield></datafield><datafield ind1=" " ind2=" " tag="752"><subfield code="a">United States</subfield><subfield code="b">Massachusetts</subfield><subfield code="c">Plymouth</subfield><subfield code="d">North Bridgewater.</subfield></datafield><datafield ind1="0" ind2="0" tag="780"><subfield code="t">Plymouth Rock and County advertiser</subfield><subfield code="w">(DLC)sn 83020724</subfield><subfield code="w">(OCoLC)9525657</subfield></datafield><datafield ind1="0" ind2="5" tag="780"><subfield code="t">Old Colony reporter (North Bridgewater, Mass.)</subfield><subfield code="w">(DLC)sn 90069157</subfield></datafield><datafield ind1="0" ind2="7" tag="785"><subfield code="t">Old Colony memorial (Plymouth, Mass. : 1827)</subfield><subfield code="w">(DLC)sn 83020723</subfield><subfield code="w">(OCoLC)9526213</subfield></datafield><datafield ind1="0" ind2="7" tag="785"><subfield code="t">Old Colony memorial &amp; Plymouth Rock (Plymouth, Mass. : 1863)</subfield><subfield code="w">(DLC)sn 83020726</subfield></datafield><datafield ind1=" " ind2=" " tag="938"><subfield code="a">Kirtas Technologies, Inc.</subfield><subfield code="b">KRTS</subfield><subfield code="n">736704</subfield></datafield></record>